<record><leader>00000cas a22000007a 4500</leader><controlfield tag="001">15154035</controlfield><controlfield tag="008">870205d19401941iauwr ne      0    0eng d</controlfield><datafield ind1=" " ind2=" " tag="010"><subfield code="a">sn 87058008 </subfield></datafield><datafield ind1=" " ind2=" " tag="040"><subfield code="a">INP</subfield><subfield code="b">eng</subfield><subfield code="c">INP</subfield><subfield code="d">OCLCQ</subfield></datafield><datafield ind1=" " ind2=" " tag="042"><subfield code="a">msc</subfield></datafield><datafield ind1="0" ind2="4" tag="245"><subfield code="a">The Van Buren record and Keosauqua Republican.</subfield></datafield><datafield ind1="3" ind2="0" tag="246"><subfield code="a">Record-Republican</subfield></datafield><datafield ind1=" " ind2=" " tag="260"><subfield code="a">Bonaparte and Keosauqua, Iowa :</subfield><subfield code="b">A.G. Roberts,</subfield><subfield code="c">1940-1941.</subfield></datafield><datafield ind1=" " ind2=" " tag="300"><subfield code="a">v. :</subfield><subfield code="b">ill.</subfield></datafield><datafield ind1=" " ind2=" " tag="310"><subfield code="a">Weekly</subfield></datafield><datafield ind1="0" ind2=" " tag="362"><subfield code="a">73rd year, no. 31 (Aug. 1, 1940)-v. 86, no. 44 (Oct. 30, 1941).</subfield></datafield><datafield ind1=" " ind2=" " tag="515"><subfield code="a">Numbering system changes from a continuation of: Van Buren record, to a continuation of: Keosauqua Republican (Keosauqua, Iowa : 1859).</subfield></datafield><datafield ind1=" " ind2=" " tag="752"><subfield code="a">United States</subfield><subfield code="b">Iowa</subfield><subfield code="c">Van Buren</subfield><subfield code="d">Bonaparte.</subfield></datafield><datafield ind1=" " ind2=" " tag="752"><subfield code="a">United States</subfield><subfield code="b">Iowa</subfield><subfield code="c">Van Buren</subfield><subfield code="d">Keosauqua.</subfield></datafield><datafield ind1="0" ind2="4" tag="780"><subfield code="t">Van Buren record</subfield><subfield code="w">(DLC)sn 87058007</subfield></datafield><datafield ind1="0" ind2="4" tag="780"><subfield code="t">Keosauqua Republican (Keosauqua, Iowa : 1859)</subfield><subfield code="w">(DLC)sn 82015852</subfield></datafield><datafield ind1="0" ind2="0" tag="785"><subfield code="t">Record-Republican (Bonaparte, Iowa)</subfield><subfield code="w">(DLC)sn 87058071</subfield></datafield></record>